% This file was created with JabRef 2.10b2.
% Encoding: UTF-8


@PhdThesis{GERS2001,
  Title                    = {Long Short-Term Memory in Recurrent Neural Networks},
  Author                   = {Felix Gers},
  School                   = {Ecole Polytechnique Federale De Lausanne},
  Year                     = {2001},
  Note                     = {These No 2366},

  Timestamp                = {2013.12.13}
}

@Misc{Nerbonne1,
  Title                    = {TMR-Learning Computational Grammars: 3rd Annual Report},

  Author                   = {John Nerbonne},
  HowPublished             = {\url{http://www.cnts.ua.ac.be/lcg/texts/ann-rprt3.html}, Abgerufen am 13.12.2013},
  Note                     = {TMR Project Nr. ERBFMRXCT980237},
  Year                     = {o.J.},

  Owner                    = {andres},
  Timestamp                = {2013.12.13}
}

@Misc{LSTM1,
  Title                    = {Long Short-Term Memory},

  Author                   = {o.A.},
  HowPublished             = {\url{http://www.willamette.edu/~gorr/classes/cs449/lstm.html}, Abgerufen am 13.12.2013},
  Year                     = {o.J.},

  Owner                    = {andres},
  Timestamp                = {2013.12.13}
}

@Misc{WIKI2013,
  Title                    = {Long short term memory},

  Author                   = {o.A.},
  HowPublished             = {\url{http://en.wikipedia.org/wiki/Long_short_term_memory}, Abgerufen am: 13.12.2013},
  Year                     = {2013},

  Timestamp                = {2013.12.13}
}

@Article{schaul2010,
  Title                    = {{PyBrain}},
  Author                   = {Schaul, Tom and Bayer, Justin and Wierstra, Daan and Sun, Yi and Felder, Martin and Sehnke, Frank and R\"{u}ckstie\ss, Thomas and Schmidhuber, J\"{u}rgen},
  Journal                  = {Journal of Machine Learning Research},
  Year                     = {2010},

  Keywords                 = {machine learning,neural networks,optimization,python,reinforcement learning},
  Timestamp                = {2013.12.13}
}

@Misc{Schmidhuber2013,
  Title                    = {Recurrent Neural Networks},

  Author                   = {JÃ¼rgen Schmidhuber},
  HowPublished             = {\url{http://www.idsia.ch/~juergen/rnn.html}, Abgerufen am: 13.12.2013},
  Year                     = {2013},

  Owner                    = {andres},
  Timestamp                = {2013.12.13}
}

